<?xml version="1.0" encoding="UTF-8"?><collection xmlns="http://www.loc.gov/MARC21/slim"><record><leader>00479nam--2200157-i-4500</leader><controlfield tag="001">000002146</controlfield><controlfield tag="002">20161230</controlfield><controlfield tag="005">20170117235012</controlfield><controlfield tag="008">060222s1000------------r-----000-0-eng-d</controlfield><datafield ind1=" " ind2=" " tag="100"><subfield code="a">Verjovsky, A</subfield></datafield><datafield ind1="1" ind2="0" tag="245"><subfield code="a">Fibre bundles: Their use in physics. International Centre for Theoretical Physics Trieste, Italy 27 April- 1 May 1987</subfield></datafield><datafield ind1=" " ind2=" " tag="260"><subfield code="a">Singapore</subfield><subfield code="b">World Scientific</subfield><subfield code="c">1988</subfield></datafield><datafield ind1=" " ind2=" " tag="300"><subfield code="a">X+ 175 p</subfield></datafield><datafield ind1=" " ind2=" " tag="700"><subfield code="a">Ezin, J. P</subfield></datafield><datafield ind1=" " ind2=" " tag="852"><subfield code="a">79754</subfield><subfield code="c">513</subfield></datafield><datafield ind1=" " ind2=" " tag="CAT"><subfield code="a">SYS</subfield><subfield code="c">20170117</subfield><subfield code="h">235012</subfield></datafield></record></collection>